@book{mckinney2022python,
	title={Python for Data Analysis},
	author={McKinney, Wes},
	year=2022,
	edition={third},
	publisher={O'Reilly Media, Inc.},
	note={\url{https://wesmckinney.com/book/}}
}

@book{welch2022corporate,
	title={Corporate Finance},
	author={Welch, Ivo},
	year=2022,
	edition={fifth},
	publisher={Ivo Welch},
	note={\url{https://book.ivo-welch.info/home/}}
}
